RetailerStoreName,OrderMethodType,Month,Year,Date,QuarterYear,Revenue,Quantity,GrossMarginInMillion
Nike 1,Fax,April,2012,4/1/12,Q2 2012,1217314,612,3.3747009
Nike 1,Fax,August,2015,8/1/15,Q3 2015,1458939,450,2.9821703
Nike 1,Fax,December,2012,12/1/12,Q4 2012,864755,262,3.0838935
Nike 1,Fax,February,2012,2/1/12,Q1 2012,1651590,181,4.2527287
Nike 1,Fax,February,2016,2/1/16,Q1 2016,1388525,578,4.8243633
Nike 1,Fax,Januray,2012,1/1/12,Q1 2012,1561891,115,4.9275678
Nike 1,Fax,Januray,2013,1/1/13,Q1 2013,1549799,1168,3.9642455
Nike 1,Fax,July,2014,7/1/14,Q3 2014,427075,1378,3.4444318
Nike 1,Fax,July,2016,7/1/16,Q3 2016,657262,167,3.693336
Nike 1,Fax,June,2016,6/1/16,Q2 2016,351664,1291,4.6614047
Nike 1,Fax,March,2013,3/1/13,Q1 2013,1213632,771,3.7866091
Nike 1,Fax,March,2016,3/1/16,Q1 2016,834133,287,3.6695826
Nike 1,Fax,May,2012,5/1/12,Q2 2012,1649826,441,5.1281845
Nike 1,Fax,May,2016,5/1/16,Q2 2016,1325383,1031,5.0077252
Nike 1,Fax,November,2014,11/1/14,Q4 2014,1347057,329,4.1835799
Nike 1,Fax,November,2015,11/1/15,Q4 2015,1347660,1278,4.9700145
Nike 1,Fax,November,2016,11/1/16,Q4 2016,1280413,287,3.9221161
Nike 1,Fax,October ,2015,10/1/15,Q4 2015,353384,929,4.8062023
Nike 1,Fax,September,2013,9/1/13,Q3 2013,384759,1393,3.7298945
Nike 1,Online,April,2014,4/1/14,Q2 2014,836220,280,4.2916104
Nike 1,Online,April,2015,4/1/15,Q2 2015,777499,1352,4.828347
Nike 1,Online,April,2016,4/1/16,Q2 2016,879093,685,4.1551208
Nike 1,Online,August,2013,8/1/13,Q3 2013,1597768,157,3.3567288
Nike 1,Online,August,2014,8/1/14,Q3 2014,857500,1262,3.5016491
Nike 1,Online,December,2013,12/1/13,Q4 2013,608081,140,4.6079411
Nike 1,Online,December,2015,12/1/15,Q4 2015,808098,1053,3.7875509
Nike 1,Online,December,2016,12/1/16,Q4 2016,394438,451,5.2066281
Nike 1,Online,February,2013,2/1/13,Q1 2013,546381,460,3.5299291
Nike 1,Online,Januray,2015,1/1/15,Q1 2015,434977,919,3.3091264
Nike 1,Online,July,2013,7/1/13,Q3 2013,236716,1385,3.1605044
Nike 1,Online,July,2015,7/1/15,Q3 2015,741465,381,3.5238245
Nike 1,Online,June,2012,6/1/12,Q2 2012,1322751,709,2.9867666
Nike 1,Online,June,2014,6/1/14,Q2 2014,796367,274,3.1744919
Nike 1,Online,March,2012,3/1/12,Q1 2012,664673,915,4.6229776
Nike 1,Online,March,2014,3/1/14,Q1 2014,1362000,189,5.1346185
Nike 1,Online,May,2013,5/1/13,Q2 2013,255371,1044,4.041573
Nike 1,Online,November,2013,11/1/13,Q4 2013,335616,437,5.0500814
Nike 1,Online,October ,2012,10/1/12,Q4 2012,748305,97,4.4150377
Nike 1,Online,October ,2014,10/1/14,Q4 2014,1524139,1104,3.6782145
Nike 1,Online,September,2012,9/1/12,Q3 2012,625119,362,4.5268569
Nike 1,Online,September,2014,9/1/14,Q3 2014,1439360,493,3.7775307
Nike 1,Online,September,2016,9/1/16,Q3 2016,1289877,318,4.3290001
Nike 1,Phone,April,2013,4/1/13,Q2 2013,168707,96,4.132249
Nike 1,Phone,August,2012,8/1/12,Q3 2012,862205,1179,4.6404612
Nike 1,Phone,August,2016,8/1/16,Q3 2016,931188,1398,5.0165585
Nike 1,Phone,December,2014,12/1/14,Q4 2014,1133208,732,3.3485315
Nike 1,Phone,February,2014,2/1/14,Q1 2014,655143,317,4.0787458
Nike 1,Phone,February,2015,2/1/15,Q1 2015,1100642,240,3.7636991
Nike 1,Phone,Januray,2014,1/1/14,Q1 2014,1582352,785,5.1729778
Nike 1,Phone,Januray,2016,1/1/16,Q1 2016,483677,732,3.2896032
Nike 1,Phone,July,2012,7/1/12,Q3 2012,977091,678,4.8540231
Nike 1,Phone,June,2013,6/1/13,Q2 2013,1138843,1055,4.209415
Nike 1,Phone,June,2015,6/1/15,Q2 2015,117731,921,2.9420557
Nike 1,Phone,March,2015,3/1/15,Q1 2015,1469728,1398,3.4547246
Nike 1,Phone,May,2014,5/1/14,Q2 2014,1150670,223,5.2409493
Nike 1,Phone,May,2015,5/1/15,Q2 2015,981763,919,5.2511666
Nike 1,Phone,November,2012,11/1/12,Q4 2012,1174867,655,4.3273762
Nike 1,Phone,October ,2013,10/1/13,Q4 2013,886383,100,4.9102943
Nike 1,Phone,October ,2016,10/1/16,Q4 2016,571779,787,3.1609449
Nike 1,Phone,September,2015,9/1/15,Q3 2015,574581,321,3.6721398
Nike 10,Fax,August,2014,8/1/14,Q3 2014,260169,1098,4.2439975
Nike 10,Fax,August,2016,8/1/16,Q3 2016,180089,794,4.9287306
Nike 10,Fax,December,2014,12/1/14,Q4 2014,1242840,280,4.8421036
Nike 10,Fax,February,2015,2/1/15,Q1 2015,534410,981,3.0193159
Nike 10,Fax,February,2016,2/1/16,Q1 2016,820278,975,4.7425307
Nike 10,Fax,Januray,2012,1/1/12,Q1 2012,547908,1228,3.7959936
Nike 10,Fax,Januray,2014,1/1/14,Q1 2014,731680,796,3.899111
Nike 10,Fax,July,2012,7/1/12,Q3 2012,1273085,571,3.1991727
Nike 10,Fax,July,2013,7/1/13,Q3 2013,1208749,901,3.9048794
Nike 10,Fax,June,2012,6/1/12,Q2 2012,528191,799,3.0353611
Nike 10,Fax,June,2013,6/1/13,Q2 2013,1007420,1397,4.2401783
Nike 10,Fax,June,2014,6/1/14,Q2 2014,1310168,830,5.2464083
Nike 10,Fax,June,2015,6/1/15,Q2 2015,241824,967,3.0286853
Nike 10,Fax,March,2014,3/1/14,Q1 2014,731543,132,3.7948248
Nike 10,Fax,May,2013,5/1/13,Q2 2013,432277,150,3.9963295
Nike 10,Fax,November,2016,11/1/16,Q4 2016,1535254,177,4.2683954
Nike 10,Fax,October ,2015,10/1/15,Q4 2015,1277639,1009,3.1230252
Nike 10,Fax,September,2013,9/1/13,Q3 2013,703242,839,3.3582989
Nike 10,Online,April,2012,4/1/12,Q2 2012,1474198,872,3.959007
Nike 10,Online,April,2014,4/1/14,Q2 2014,1559982,142,5.1859773
Nike 10,Online,April,2015,4/1/15,Q2 2015,227152,657,4.9247972
Nike 10,Online,August,2013,8/1/13,Q3 2013,1560224,1411,3.9003971
Nike 10,Online,December,2012,12/1/12,Q4 2012,1383235,623,2.8784944
Nike 10,Online,December,2015,12/1/15,Q4 2015,549831,1323,4.1230561
Nike 10,Online,February,2012,2/1/12,Q1 2012,1617160,546,3.1723916
Nike 10,Online,Januray,2016,1/1/16,Q1 2016,417557,132,2.8814854
Nike 10,Online,July,2014,7/1/14,Q3 2014,338228,1086,4.1367251
Nike 10,Online,July,2015,7/1/15,Q3 2015,857872,670,3.5588755
Nike 10,Online,July,2016,7/1/16,Q3 2016,505812,709,3.2797862
Nike 10,Online,March,2012,3/1/12,Q1 2012,661073,601,4.4473129
Nike 10,Online,March,2013,3/1/13,Q1 2013,394500,841,4.6003443
Nike 10,Online,May,2014,5/1/14,Q2 2014,351649,595,4.8661098
Nike 10,Online,November,2012,11/1/12,Q4 2012,505512,914,4.34098
Nike 10,Online,October ,2012,10/1/12,Q4 2012,1344358,360,4.8923847
Nike 10,Online,October ,2016,10/1/16,Q4 2016,541044,741,3.1195798
Nike 10,Online,September,2014,9/1/14,Q3 2014,150747,164,3.7853327
Nike 10,Online,September,2015,9/1/15,Q3 2015,1298398,771,5.0840817
Nike 10,Phone,April,2013,4/1/13,Q2 2013,426159,987,4.6062501
Nike 10,Phone,April,2016,4/1/16,Q2 2016,327816,1073,4.5362523
Nike 10,Phone,August,2012,8/1/12,Q3 2012,1223519,822,3.8718125
Nike 10,Phone,August,2015,8/1/15,Q3 2015,1397744,576,4.8948099
Nike 10,Phone,December,2013,12/1/13,Q4 2013,190871,1082,3.4702225
Nike 10,Phone,December,2016,12/1/16,Q4 2016,974710,330,4.0008874
Nike 10,Phone,February,2013,2/1/13,Q1 2013,318987,313,4.3507653
Nike 10,Phone,February,2014,2/1/14,Q1 2014,1164070,971,3.2307805
Nike 10,Phone,Januray,2013,1/1/13,Q1 2013,939107,1387,4.5519847
Nike 10,Phone,Januray,2015,1/1/15,Q1 2015,697135,1356,4.008131
Nike 10,Phone,June,2016,6/1/16,Q2 2016,943143,841,4.1118586
Nike 10,Phone,March,2015,3/1/15,Q1 2015,920627,945,4.8709657
Nike 10,Phone,March,2016,3/1/16,Q1 2016,1247492,358,4.8039171
Nike 10,Phone,May,2012,5/1/12,Q2 2012,670014,1120,3.5651006
Nike 10,Phone,May,2015,5/1/15,Q2 2015,1561417,1017,2.9533915
Nike 10,Phone,May,2016,5/1/16,Q2 2016,653214,984,4.3305189
Nike 10,Phone,November,2013,11/1/13,Q4 2013,391856,1074,3.129274
Nike 10,Phone,November,2014,11/1/14,Q4 2014,1298101,1213,4.9693884
Nike 10,Phone,November,2015,11/1/15,Q4 2015,202914,311,4.7340685
Nike 10,Phone,October ,2013,10/1/13,Q4 2013,826021,778,3.849174
Nike 10,Phone,October ,2014,10/1/14,Q4 2014,802198,324,4.9005831
Nike 10,Phone,September,2012,9/1/12,Q3 2012,546248,457,4.0189453
Nike 10,Phone,September,2016,9/1/16,Q3 2016,340604,860,4.7638549
Nike 11,Fax,April,2012,4/1/12,Q2 2012,204621,1384,3.5683231
Nike 11,Fax,April,2015,4/1/15,Q2 2015,1587082,420,3.4547496
Nike 11,Fax,April,2016,4/1/16,Q2 2016,1266121,97,5.2223559
Nike 11,Fax,August,2014,8/1/14,Q3 2014,1451223,675,4.7100707
Nike 11,Fax,August,2015,8/1/15,Q3 2015,1152367,972,4.2170581
Nike 11,Fax,December,2013,12/1/13,Q4 2013,1190872,135,3.5008636
Nike 11,Fax,December,2014,12/1/14,Q4 2014,1451537,661,3.6174842
Nike 11,Fax,December,2015,12/1/15,Q4 2015,1530681,731,3.3806936
Nike 11,Fax,February,2013,2/1/13,Q1 2013,1164275,1341,4.6494109
Nike 11,Fax,February,2014,2/1/14,Q1 2014,1177814,1226,3.5709753
Nike 11,Fax,Januray,2015,1/1/15,Q1 2015,646723,1181,3.2446487
Nike 11,Fax,Januray,2016,1/1/16,Q1 2016,1578674,884,3.3476768
Nike 11,Fax,June,2014,6/1/14,Q2 2014,1331490,179,3.3454462
Nike 11,Fax,March,2012,3/1/12,Q1 2012,378245,703,3.7961905
Nike 11,Fax,March,2016,3/1/16,Q1 2016,923164,100,2.928797
Nike 11,Fax,May,2013,5/1/13,Q2 2013,1328616,384,4.9874673
Nike 11,Fax,May,2015,5/1/15,Q2 2015,112718,1394,4.0286652
Nike 11,Fax,November,2013,11/1/13,Q4 2013,1113541,1141,4.110173
Nike 11,Fax,October ,2013,10/1/13,Q4 2013,1174153,588,4.2936561
Nike 11,Fax,October ,2014,10/1/14,Q4 2014,174289,290,3.5561817
Nike 11,Fax,October ,2016,10/1/16,Q4 2016,1431168,927,4.212449
Nike 11,Fax,September,2012,9/1/12,Q3 2012,1320421,715,3.0599178
Nike 11,Fax,September,2013,9/1/13,Q3 2013,1411560,796,5.2759051
Nike 11,Online,April,2013,4/1/13,Q2 2013,1372283,592,3.2961928
Nike 11,Online,April,2014,4/1/14,Q2 2014,227677,453,3.0040088
Nike 11,Online,August,2012,8/1/12,Q3 2012,1421576,420,3.7971054
Nike 11,Online,August,2013,8/1/13,Q3 2013,128215,896,4.2823835
Nike 11,Online,December,2012,12/1/12,Q4 2012,1235331,1408,4.2270583
Nike 11,Online,February,2015,2/1/15,Q1 2015,1382740,995,3.7773283
Nike 11,Online,Januray,2012,1/1/12,Q1 2012,98724,1224,3.8618348
Nike 11,Online,July,2012,7/1/12,Q3 2012,189051,870,5.1079599
Nike 11,Online,July,2014,7/1/14,Q3 2014,233885,536,3.6147072
Nike 11,Online,July,2015,7/1/15,Q3 2015,670932,822,2.9507625
Nike 11,Online,July,2016,7/1/16,Q3 2016,1291149,987,4.2564724
Nike 11,Online,June,2013,6/1/13,Q2 2013,555662,1189,2.8913874
Nike 11,Online,June,2015,6/1/15,Q2 2015,830353,1330,3.6498126
Nike 11,Online,March,2014,3/1/14,Q1 2014,1222200,158,4.8959459
Nike 11,Online,May,2012,5/1/12,Q2 2012,1395351,671,4.5568541
Nike 11,Online,May,2014,5/1/14,Q2 2014,349449,878,3.417146
Nike 11,Online,November,2014,11/1/14,Q4 2014,411035,681,4.0931148
Nike 11,Online,November,2016,11/1/16,Q4 2016,1227075,325,3.9195867
Nike 11,Online,October ,2012,10/1/12,Q4 2012,1145675,979,3.5307053
Nike 11,Online,October ,2015,10/1/15,Q4 2015,1015464,1378,4.7613794
Nike 11,Online,September,2014,9/1/14,Q3 2014,695502,860,3.5772201
Nike 11,Online,September,2016,9/1/16,Q3 2016,508244,309,4.9521255
Nike 11,Phone,August,2016,8/1/16,Q3 2016,499829,1246,4.625056
Nike 11,Phone,December,2016,12/1/16,Q4 2016,1001055,287,4.0767753
Nike 11,Phone,February,2012,2/1/12,Q1 2012,164677,731,5.1511842
Nike 11,Phone,February,2016,2/1/16,Q1 2016,859203,1232,5.0635431
Nike 11,Phone,Januray,2013,1/1/13,Q1 2013,976477,744,3.8571795
Nike 11,Phone,Januray,2014,1/1/14,Q1 2014,610912,953,5.2301455
Nike 11,Phone,July,2013,7/1/13,Q3 2013,1059675,1219,4.5394177
Nike 11,Phone,June,2012,6/1/12,Q2 2012,311864,470,4.5614357
Nike 11,Phone,June,2016,6/1/16,Q2 2016,849161,1150,4.4216438
Nike 11,Phone,March,2013,3/1/13,Q1 2013,321662,821,3.7953727
Nike 11,Phone,March,2015,3/1/15,Q1 2015,152167,1164,5.0706751
Nike 11,Phone,May,2016,5/1/16,Q2 2016,779308,508,3.8589067
Nike 11,Phone,November,2012,11/1/12,Q4 2012,102344,1341,4.3119852
Nike 11,Phone,November,2015,11/1/15,Q4 2015,839879,1151,4.6376182
Nike 11,Phone,September,2015,9/1/15,Q3 2015,1658123,325,4.9441693
Nike 12,Fax,April,2012,4/1/12,Q2 2012,1292677,676,5.0109024
Nike 12,Fax,April,2013,4/1/13,Q2 2013,447510,1311,4.3974588
Nike 12,Fax,December,2012,12/1/12,Q4 2012,515203,120,4.4500982
Nike 12,Fax,February,2015,2/1/15,Q1 2015,1191713,548,3.7141781
Nike 12,Fax,February,2016,2/1/16,Q1 2016,360639,530,3.1728271
Nike 12,Fax,Januray,2012,1/1/12,Q1 2012,918983,387,2.9994129
Nike 12,Fax,Januray,2013,1/1/13,Q1 2013,1300233,1182,2.9505627
Nike 12,Fax,Januray,2016,1/1/16,Q1 2016,1585161,1065,4.0687654
Nike 12,Fax,July,2013,7/1/13,Q3 2013,536445,1314,3.0023772
Nike 12,Fax,July,2015,7/1/15,Q3 2015,150520,1110,3.5900926
Nike 12,Fax,July,2016,7/1/16,Q3 2016,1648781,1353,3.0783426
Nike 12,Fax,June,2016,6/1/16,Q2 2016,862844,657,2.8460197
Nike 12,Fax,November,2015,11/1/15,Q4 2015,413409,673,4.8604026
Nike 12,Fax,October ,2013,10/1/13,Q4 2013,344181,545,4.598125
Nike 12,Fax,October ,2016,10/1/16,Q4 2016,163081,1153,3.8232388
Nike 12,Fax,September,2016,9/1/16,Q3 2016,932964,541,3.6606156
Nike 12,Online,April,2014,4/1/14,Q2 2014,609587,501,3.5155445
Nike 12,Online,April,2016,4/1/16,Q2 2016,693075,1215,2.9624821
Nike 12,Online,August,2015,8/1/15,Q3 2015,1111241,1018,4.5099791
Nike 12,Online,August,2016,8/1/16,Q3 2016,1623905,724,4.2755575
Nike 12,Online,December,2014,12/1/14,Q4 2014,775579,142,3.6882734
Nike 12,Online,December,2015,12/1/15,Q4 2015,1144161,797,4.3619479
Nike 12,Online,December,2016,12/1/16,Q4 2016,1378080,740,3.6282288
Nike 12,Online,February,2012,2/1/12,Q1 2012,797812,1382,4.1684942
Nike 12,Online,February,2013,2/1/13,Q1 2013,531264,1143,2.8370537
Nike 12,Online,Januray,2014,1/1/14,Q1 2014,1218591,917,3.6930653
Nike 12,Online,July,2012,7/1/12,Q3 2012,1198507,390,4.2195725
Nike 12,Online,July,2014,7/1/14,Q3 2014,343793,1002,5.1334132
Nike 12,Online,June,2012,6/1/12,Q2 2012,951522,1137,4.3649413
Nike 12,Online,June,2013,6/1/13,Q2 2013,1100657,679,3.4804853
Nike 12,Online,June,2014,6/1/14,Q2 2014,808840,932,3.0705667
Nike 12,Online,March,2015,3/1/15,Q1 2015,1329358,1016,4.480286
Nike 12,Online,May,2013,5/1/13,Q2 2013,287213,1237,2.8782858
Nike 12,Online,May,2014,5/1/14,Q2 2014,668763,770,5.2866049
Nike 12,Online,May,2015,5/1/15,Q2 2015,1386710,120,4.8747078
Nike 12,Online,November,2013,11/1/13,Q4 2013,646459,407,4.4933959
Nike 12,Online,November,2014,11/1/14,Q4 2014,879154,560,3.3835246
Nike 12,Online,October ,2012,10/1/12,Q4 2012,191411,1096,4.8095814
Nike 12,Online,October ,2015,10/1/15,Q4 2015,960833,1228,4.2482473
Nike 12,Online,September,2012,9/1/12,Q3 2012,202283,714,3.5767415
Nike 12,Online,September,2015,9/1/15,Q3 2015,306624,717,4.1909647
Nike 12,Phone,April,2015,4/1/15,Q2 2015,941139,428,4.1951502
Nike 12,Phone,August,2012,8/1/12,Q3 2012,201755,746,3.8042037
Nike 12,Phone,August,2013,8/1/13,Q3 2013,274659,443,3.4137886
Nike 12,Phone,August,2014,8/1/14,Q3 2014,1162826,1396,3.8334205
Nike 12,Phone,December,2013,12/1/13,Q4 2013,1387618,116,3.3181171
Nike 12,Phone,February,2014,2/1/14,Q1 2014,1094717,1095,3.3244366
Nike 12,Phone,Januray,2015,1/1/15,Q1 2015,250254,593,4.507859
Nike 12,Phone,June,2015,6/1/15,Q2 2015,1630349,1028,3.3708983
Nike 12,Phone,March,2012,3/1/12,Q1 2012,1107469,1142,4.845416
Nike 12,Phone,March,2013,3/1/13,Q1 2013,1270935,922,4.8998406
Nike 12,Phone,March,2014,3/1/14,Q1 2014,626720,1389,3.8562809
Nike 12,Phone,March,2016,3/1/16,Q1 2016,1645080,762,3.0553002
Nike 12,Phone,May,2012,5/1/12,Q2 2012,979701,631,3.0838653
Nike 12,Phone,May,2016,5/1/16,Q2 2016,577720,1339,3.2515873
Nike 12,Phone,November,2012,11/1/12,Q4 2012,1271581,274,4.2916961
Nike 12,Phone,November,2016,11/1/16,Q4 2016,1030899,902,4.1958393
Nike 12,Phone,October ,2014,10/1/14,Q4 2014,981263,1243,3.5061071
Nike 12,Phone,September,2013,9/1/13,Q3 2013,117797,1143,2.9475897
Nike 12,Phone,September,2014,9/1/14,Q3 2014,1031751,722,3.2182997
Nike 13,Fax,April,2012,4/1/12,Q2 2012,1028835,750,3.4698511
Nike 13,Fax,April,2013,4/1/13,Q2 2013,1282038,132,4.0664903
Nike 13,Fax,August,2015,8/1/15,Q3 2015,865039,689,4.5182681
Nike 13,Fax,August,2016,8/1/16,Q3 2016,347296,371,4.4459687
Nike 13,Fax,December,2012,12/1/12,Q4 2012,97028,1344,3.3024172
Nike 13,Fax,February,2012,2/1/12,Q1 2012,1404009,209,3.0437515
Nike 13,Fax,July,2014,7/1/14,Q3 2014,304855,1015,4.2465658
Nike 13,Fax,June,2012,6/1/12,Q2 2012,895063,543,4.9940669
Nike 13,Fax,June,2013,6/1/13,Q2 2013,217556,349,5.0732086
Nike 13,Fax,March,2016,3/1/16,Q1 2016,478510,1111,3.716666
Nike 13,Fax,May,2013,5/1/13,Q2 2013,572083,934,3.8248527
Nike 13,Fax,May,2014,5/1/14,Q2 2014,1608578,288,3.5231093
Nike 13,Fax,May,2016,5/1/16,Q2 2016,1422673,896,2.8977349
Nike 13,Fax,November,2012,11/1/12,Q4 2012,1062218,1118,3.1584911
Nike 13,Fax,October ,2013,10/1/13,Q4 2013,883594,556,4.0734313
Nike 13,Fax,October ,2016,10/1/16,Q4 2016,1395505,753,3.0331612
Nike 13,Fax,September,2012,9/1/12,Q3 2012,480386,490,3.9896384
Nike 13,Fax,September,2016,9/1/16,Q3 2016,721941,602,3.7005853
Nike 13,Online,April,2014,4/1/14,Q2 2014,713263,1242,4.2822878
Nike 13,Online,April,2015,4/1/15,Q2 2015,1543255,723,4.6081074
Nike 13,Online,April,2016,4/1/16,Q2 2016,1297886,946,3.2744233
Nike 13,Online,August,2012,8/1/12,Q3 2012,1250743,1154,3.3269369
Nike 13,Online,August,2013,8/1/13,Q3 2013,1479264,98,4.9428686
Nike 13,Online,August,2014,8/1/14,Q3 2014,931699,252,4.3230682
Nike 13,Online,December,2014,12/1/14,Q4 2014,610668,1322,4.4435364
Nike 13,Online,February,2013,2/1/13,Q1 2013,1552532,461,3.6554156
Nike 13,Online,February,2016,2/1/16,Q1 2016,510281,432,3.1711257
Nike 13,Online,Januray,2012,1/1/12,Q1 2012,131095,230,4.5667801
Nike 13,Online,Januray,2013,1/1/13,Q1 2013,1450154,112,4.1156573
Nike 13,Online,July,2015,7/1/15,Q3 2015,1001502,932,4.3893559
Nike 13,Online,July,2016,7/1/16,Q3 2016,151968,392,3.6369568
Nike 13,Online,June,2016,6/1/16,Q2 2016,1234722,1294,3.5198265
Nike 13,Online,March,2013,3/1/13,Q1 2013,1485715,1129,5.0226079
Nike 13,Online,March,2015,3/1/15,Q1 2015,900553,960,3.8231512
Nike 13,Online,May,2012,5/1/12,Q2 2012,904451,993,3.3297941
Nike 13,Online,November,2013,11/1/13,Q4 2013,671775,636,3.4614371
Nike 13,Online,November,2015,11/1/15,Q4 2015,493684,1218,4.3398764
Nike 13,Online,October ,2012,10/1/12,Q4 2012,1058002,789,5.2059801
Nike 13,Online,October ,2015,10/1/15,Q4 2015,545001,522,3.2791085
Nike 13,Online,September,2013,9/1/13,Q3 2013,181666,745,4.1758437
Nike 13,Online,September,2015,9/1/15,Q3 2015,683599,1207,3.5433107
Nike 13,Phone,December,2013,12/1/13,Q4 2013,1634872,1358,4.5846167
Nike 13,Phone,December,2015,12/1/15,Q4 2015,986847,1045,5.2766914
Nike 13,Phone,December,2016,12/1/16,Q4 2016,1267976,1189,2.912718
Nike 13,Phone,February,2014,2/1/14,Q1 2014,1597233,751,4.7483275
Nike 13,Phone,February,2015,2/1/15,Q1 2015,406992,412,5.1971296
Nike 13,Phone,Januray,2014,1/1/14,Q1 2014,1017079,217,3.6613124
Nike 13,Phone,Januray,2015,1/1/15,Q1 2015,855008,1409,4.8050767
Nike 13,Phone,Januray,2016,1/1/16,Q1 2016,1107901,432,3.7541964
Nike 13,Phone,July,2012,7/1/12,Q3 2012,296569,1282,3.8909495
Nike 13,Phone,July,2013,7/1/13,Q3 2013,820528,1239,4.9648706
Nike 13,Phone,June,2014,6/1/14,Q2 2014,974100,208,5.2425124
Nike 13,Phone,June,2015,6/1/15,Q2 2015,261090,685,3.9104114
Nike 13,Phone,March,2012,3/1/12,Q1 2012,312353,1318,3.4311409
Nike 13,Phone,March,2014,3/1/14,Q1 2014,447985,1199,3.5236597
Nike 13,Phone,November,2014,11/1/14,Q4 2014,100475,1268,3.9450684
Nike 13,Phone,November,2016,11/1/16,Q4 2016,1590261,1279,5.2889012
Nike 13,Phone,October ,2014,10/1/14,Q4 2014,526527,844,3.4596146
Nike 13,Phone,September,2014,9/1/14,Q3 2014,556945,888,3.6175333
Nike 14,Fax,April,2012,4/1/12,Q2 2012,1242749,370,4.6288555
Nike 14,Fax,April,2013,4/1/13,Q2 2013,1077184,1191,2.854038
Nike 14,Fax,April,2016,4/1/16,Q2 2016,1285907,700,4.7747084
Nike 14,Fax,August,2014,8/1/14,Q3 2014,1330592,967,3.6780233
Nike 14,Fax,December,2012,12/1/12,Q4 2012,1319155,768,5.2543062
Nike 14,Fax,Januray,2014,1/1/14,Q1 2014,1263175,332,4.6771908
Nike 14,Fax,Januray,2015,1/1/15,Q1 2015,1005452,984,4.2526105
Nike 14,Fax,Januray,2016,1/1/16,Q1 2016,474713,587,4.7837945
Nike 14,Fax,July,2012,7/1/12,Q3 2012,874227,376,3.9327871
Nike 14,Fax,June,2012,6/1/12,Q2 2012,1148462,1221,3.4927999
Nike 14,Fax,June,2014,6/1/14,Q2 2014,1191531,637,4.3847971
Nike 14,Fax,June,2015,6/1/15,Q2 2015,1187064,635,5.1521712
Nike 14,Fax,June,2016,6/1/16,Q2 2016,454863,1030,4.2442333
Nike 14,Fax,March,2012,3/1/12,Q1 2012,1335342,1186,4.6950086
Nike 14,Fax,March,2013,3/1/13,Q1 2013,732658,432,3.6605931
Nike 14,Fax,March,2015,3/1/15,Q1 2015,1282401,733,3.7256688
Nike 14,Fax,May,2013,5/1/13,Q2 2013,963165,1395,4.0548845
Nike 14,Fax,May,2015,5/1/15,Q2 2015,1090170,890,3.1211429
Nike 14,Fax,May,2016,5/1/16,Q2 2016,1273152,1178,3.0493238
Nike 14,Fax,November,2012,11/1/12,Q4 2012,1018105,1374,4.0828947
Nike 14,Fax,September,2014,9/1/14,Q3 2014,1112705,1405,4.846661
Nike 14,Fax,September,2016,9/1/16,Q3 2016,920527,1097,5.171281
Nike 14,Online,April,2015,4/1/15,Q2 2015,196432,487,3.5979793
Nike 14,Online,December,2015,12/1/15,Q4 2015,1525540,1149,3.8976704
Nike 14,Online,February,2012,2/1/12,Q1 2012,635047,1402,3.7017623
Nike 14,Online,February,2013,2/1/13,Q1 2013,1082973,1401,4.1773984
Nike 14,Online,February,2014,2/1/14,Q1 2014,1584532,1057,3.5942387
Nike 14,Online,February,2015,2/1/15,Q1 2015,327306,1299,3.946616
Nike 14,Online,February,2016,2/1/16,Q1 2016,190994,102,3.6150342
Nike 14,Online,Januray,2013,1/1/13,Q1 2013,865420,1206,4.1010512
Nike 14,Online,July,2013,7/1/13,Q3 2013,900152,672,4.734108
Nike 14,Online,July,2014,7/1/14,Q3 2014,864925,892,4.4777227
Nike 14,Online,July,2016,7/1/16,Q3 2016,927460,408,4.9088514
Nike 14,Online,June,2013,6/1/13,Q2 2013,662040,682,3.4543241
Nike 14,Online,March,2014,3/1/14,Q1 2014,1287891,1215,4.4158987
Nike 14,Online,March,2016,3/1/16,Q1 2016,126527,282,5.0687762
Nike 14,Online,May,2012,5/1/12,Q2 2012,861545,179,5.1086502
Nike 14,Online,November,2016,11/1/16,Q4 2016,1397986,1130,3.3568349
Nike 14,Online,October ,2013,10/1/13,Q4 2013,1154276,631,2.908566
Nike 14,Online,October ,2015,10/1/15,Q4 2015,1480260,1408,3.8252417
Nike 14,Online,October ,2016,10/1/16,Q4 2016,363508,1283,3.8637202
Nike 14,Online,September,2012,9/1/12,Q3 2012,846896,277,3.3933559
Nike 14,Phone,April,2014,4/1/14,Q2 2014,464384,1005,4.2451129
Nike 14,Phone,August,2012,8/1/12,Q3 2012,600680,1261,2.9100528
Nike 14,Phone,August,2013,8/1/13,Q3 2013,1562494,561,4.8020678
Nike 14,Phone,August,2015,8/1/15,Q3 2015,894605,694,4.3204827
Nike 14,Phone,August,2016,8/1/16,Q3 2016,640973,999,5.1767429
Nike 14,Phone,December,2013,12/1/13,Q4 2013,870745,136,5.1979856
Nike 14,Phone,December,2014,12/1/14,Q4 2014,954979,265,4.9784315
Nike 14,Phone,December,2016,12/1/16,Q4 2016,361922,411,2.9820044
Nike 14,Phone,Januray,2012,1/1/12,Q1 2012,1424765,614,5.1076044
Nike 14,Phone,July,2015,7/1/15,Q3 2015,903488,356,4.6074932
Nike 14,Phone,May,2014,5/1/14,Q2 2014,469839,411,3.6173626
Nike 14,Phone,November,2013,11/1/13,Q4 2013,466235,1262,4.1203308
Nike 14,Phone,November,2014,11/1/14,Q4 2014,486457,1247,3.0999785
Nike 14,Phone,November,2015,11/1/15,Q4 2015,209376,1333,3.2512507
Nike 14,Phone,October ,2012,10/1/12,Q4 2012,122269,749,2.8869776
Nike 14,Phone,October ,2014,10/1/14,Q4 2014,481393,429,4.870481
Nike 14,Phone,September,2013,9/1/13,Q3 2013,491651,199,3.1441105
Nike 14,Phone,September,2015,9/1/15,Q3 2015,132781,599,3.9102753
Nike 15,Fax,April,2014,4/1/14,Q2 2014,715543,782,3.8944505
Nike 15,Fax,August,2014,8/1/14,Q3 2014,335524,1179,4.0345213
Nike 15,Fax,December,2012,12/1/12,Q4 2012,184810,174,4.5659519
Nike 15,Fax,December,2014,12/1/14,Q4 2014,322858,167,4.372891
Nike 15,Fax,December,2015,12/1/15,Q4 2015,1004292,865,4.0024304
Nike 15,Fax,December,2016,12/1/16,Q4 2016,1642990,1160,4.596803
Nike 15,Fax,February,2012,2/1/12,Q1 2012,1053588,425,2.9047742
Nike 15,Fax,February,2013,2/1/13,Q1 2013,627913,94,4.6055173
Nike 15,Fax,February,2014,2/1/14,Q1 2014,624309,1405,3.2342389
Nike 15,Fax,February,2016,2/1/16,Q1 2016,408835,405,4.0216214
Nike 15,Fax,Januray,2012,1/1/12,Q1 2012,779146,509,2.9396087
Nike 15,Fax,Januray,2013,1/1/13,Q1 2013,1449590,503,4.5640409
Nike 15,Fax,June,2015,6/1/15,Q2 2015,572949,113,4.662982
Nike 15,Fax,May,2016,5/1/16,Q2 2016,859518,183,4.7748147
Nike 15,Fax,November,2014,11/1/14,Q4 2014,1255649,1277,4.6839633
Nike 15,Fax,November,2015,11/1/15,Q4 2015,1408354,268,3.3586746
Nike 15,Fax,October ,2012,10/1/12,Q4 2012,1490580,837,4.1574641
Nike 15,Fax,October ,2014,10/1/14,Q4 2014,1612703,429,3.2963618
Nike 15,Fax,October ,2015,10/1/15,Q4 2015,945227,478,3.7217565
Nike 15,Fax,September,2013,9/1/13,Q3 2013,974305,1162,4.0983399
Nike 15,Online,April,2012,4/1/12,Q2 2012,1181167,138,4.2874571
Nike 15,Online,April,2015,4/1/15,Q2 2015,1505532,464,4.2435952
Nike 15,Online,August,2012,8/1/12,Q3 2012,1418518,1028,4.319824
Nike 15,Online,August,2016,8/1/16,Q3 2016,313220,493,4.0933758
Nike 15,Online,December,2013,12/1/13,Q4 2013,486915,911,4.0452204
Nike 15,Online,Januray,2014,1/1/14,Q1 2014,413230,1248,4.3662424
Nike 15,Online,Januray,2015,1/1/15,Q1 2015,1051024,554,4.68126
Nike 15,Online,Januray,2016,1/1/16,Q1 2016,633200,193,3.004797
Nike 15,Online,July,2012,7/1/12,Q3 2012,337562,1182,5.0557132
Nike 15,Online,July,2013,7/1/13,Q3 2013,774369,807,4.2658972
Nike 15,Online,July,2014,7/1/14,Q3 2014,922626,577,4.2973903
Nike 15,Online,July,2015,7/1/15,Q3 2015,961403,916,3.7491155
Nike 15,Online,March,2012,3/1/12,Q1 2012,415845,996,4.0748411
Nike 15,Online,May,2014,5/1/14,Q2 2014,269633,104,3.8396994
Nike 15,Online,May,2015,5/1/15,Q2 2015,918882,432,3.5842068
Nike 15,Online,November,2012,11/1/12,Q4 2012,672331,247,2.9218842
Nike 15,Online,October ,2013,10/1/13,Q4 2013,704975,143,3.8127393
Nike 15,Online,October ,2016,10/1/16,Q4 2016,363218,926,3.7555064
Nike 15,Online,September,2014,9/1/14,Q3 2014,1289340,827,3.5680525
Nike 15,Online,September,2016,9/1/16,Q3 2016,1236459,406,2.985156
Nike 15,Phone,April,2013,4/1/13,Q2 2013,323142,1234,3.6117802
Nike 15,Phone,April,2016,4/1/16,Q2 2016,1201219,309,4.5441259
Nike 15,Phone,August,2013,8/1/13,Q3 2013,181803,588,3.8404697
Nike 15,Phone,August,2015,8/1/15,Q3 2015,749434,813,4.5805612
Nike 15,Phone,February,2015,2/1/15,Q1 2015,1041581,863,2.9330301
Nike 15,Phone,July,2016,7/1/16,Q3 2016,664844,878,3.6849395
Nike 15,Phone,June,2012,6/1/12,Q2 2012,204671,1177,4.3694554
Nike 15,Phone,June,2013,6/1/13,Q2 2013,307423,1362,3.8435873
Nike 15,Phone,June,2014,6/1/14,Q2 2014,323551,1159,4.0482359
Nike 15,Phone,June,2016,6/1/16,Q2 2016,1370103,167,4.4227315
Nike 15,Phone,March,2013,3/1/13,Q1 2013,223404,1272,4.7204786
Nike 15,Phone,March,2014,3/1/14,Q1 2014,1486250,224,3.1398718
Nike 15,Phone,March,2015,3/1/15,Q1 2015,955732,1377,3.1277216
Nike 15,Phone,March,2016,3/1/16,Q1 2016,753634,214,4.680129
Nike 15,Phone,May,2012,5/1/12,Q2 2012,1531225,513,5.1075837
Nike 15,Phone,May,2013,5/1/13,Q2 2013,320931,110,2.9875806
Nike 15,Phone,November,2013,11/1/13,Q4 2013,1153403,240,3.6826719
Nike 15,Phone,November,2016,11/1/16,Q4 2016,678679,218,4.851671
Nike 15,Phone,September,2012,9/1/12,Q3 2012,241864,1235,5.0178296
Nike 15,Phone,September,2015,9/1/15,Q3 2015,1477445,185,4.8162503
Nike 16,Fax,April,2014,4/1/14,Q2 2014,167036,1018,3.3283432
Nike 16,Fax,April,2016,4/1/16,Q2 2016,97186,704,3.5278737
Nike 16,Fax,August,2013,8/1/13,Q3 2013,1329405,994,3.8047434
Nike 16,Fax,August,2014,8/1/14,Q3 2014,349538,496,2.9145463
Nike 16,Fax,August,2015,8/1/15,Q3 2015,147296,733,3.0458499
Nike 16,Fax,August,2016,8/1/16,Q3 2016,604431,462,4.9360259
Nike 16,Fax,December,2015,12/1/15,Q4 2015,423762,654,3.4803088
Nike 16,Fax,February,2012,2/1/12,Q1 2012,121845,1015,5.0237093
Nike 16,Fax,February,2014,2/1/14,Q1 2014,1491741,1079,4.8532524
Nike 16,Fax,Januray,2012,1/1/12,Q1 2012,143644,1139,4.1601749
Nike 16,Fax,Januray,2015,1/1/15,Q1 2015,1600490,824,3.5790497
Nike 16,Fax,July,2015,7/1/15,Q3 2015,439881,136,4.9280039
Nike 16,Fax,June,2012,6/1/12,Q2 2012,329581,770,5.1256318
Nike 16,Fax,March,2015,3/1/15,Q1 2015,714273,280,5.054799
Nike 16,Fax,November,2013,11/1/13,Q4 2013,224801,273,5.1685296
Nike 16,Fax,September,2013,9/1/13,Q3 2013,1467524,168,3.8665826
Nike 16,Fax,September,2015,9/1/15,Q3 2015,182685,600,3.3656259
Nike 16,Online,April,2012,4/1/12,Q2 2012,532697,1245,3.8950622
Nike 16,Online,April,2015,4/1/15,Q2 2015,112143,525,3.8268149
Nike 16,Online,December,2013,12/1/13,Q4 2013,459847,1149,4.0884544
Nike 16,Online,December,2014,12/1/14,Q4 2014,319604,231,3.2989756
Nike 16,Online,February,2016,2/1/16,Q1 2016,1336095,1401,5.4991713
Nike 16,Online,Januray,2014,1/1/14,Q1 2014,1479229,420,4.2814127
Nike 16,Online,June,2013,6/1/13,Q2 2013,965813,1002,4.9438946
Nike 16,Online,June,2015,6/1/15,Q2 2015,1545209,756,4.4260557
Nike 16,Online,March,2014,3/1/14,Q1 2014,295710,755,4.1426915
Nike 16,Online,May,2012,5/1/12,Q2 2012,795607,311,3.3736944
Nike 16,Online,May,2014,5/1/14,Q2 2014,243586,264,5.2083642
Nike 16,Online,November,2012,11/1/12,Q4 2012,716234,427,3.4360472
Nike 16,Online,November,2014,11/1/14,Q4 2014,658491,132,4.5838936
Nike 16,Online,November,2016,11/1/16,Q4 2016,1401716,253,5.1815839
Nike 16,Online,October ,2012,10/1/12,Q4 2012,460346,1399,4.6284733
Nike 16,Online,October ,2015,10/1/15,Q4 2015,928996,916,4.3687562
Nike 16,Online,September,2012,9/1/12,Q3 2012,869246,495,4.9230354
Nike 16,Phone,April,2013,4/1/13,Q2 2013,1447780,836,4.6938789
Nike 16,Phone,August,2012,8/1/12,Q3 2012,1473514,708,5.1428272
Nike 16,Phone,December,2012,12/1/12,Q4 2012,378845,916,5.272279
Nike 16,Phone,December,2016,12/1/16,Q4 2016,285723,800,3.1907425
Nike 16,Phone,February,2013,2/1/13,Q1 2013,1332031,346,3.349393
Nike 16,Phone,February,2015,2/1/15,Q1 2015,1381714,1268,5.0819601
Nike 16,Phone,Januray,2013,1/1/13,Q1 2013,380120,1228,3.73877
Nike 16,Phone,Januray,2016,1/1/16,Q1 2016,849367,808,4.9983961
Nike 16,Phone,July,2012,7/1/12,Q3 2012,1299291,237,4.4138411
Nike 16,Phone,July,2013,7/1/13,Q3 2013,1406319,1303,2.9926926
Nike 16,Phone,July,2014,7/1/14,Q3 2014,436738,211,3.594882
Nike 16,Phone,July,2016,7/1/16,Q3 2016,762022,386,3.7518237
Nike 16,Phone,June,2014,6/1/14,Q2 2014,1114656,891,4.0184114
Nike 16,Phone,June,2016,6/1/16,Q2 2016,988115,117,3.9001857
Nike 16,Phone,March,2012,3/1/12,Q1 2012,834850,1044,4.2310649
Nike 16,Phone,March,2013,3/1/13,Q1 2013,1399475,534,4.7113393
Nike 16,Phone,March,2016,3/1/16,Q1 2016,949852,965,4.7180418
Nike 16,Phone,May,2013,5/1/13,Q2 2013,253616,651,4.1929652
Nike 16,Phone,May,2015,5/1/15,Q2 2015,910953,767,3.275564
Nike 16,Phone,May,2016,5/1/16,Q2 2016,681672,373,3.2539879
Nike 16,Phone,November,2015,11/1/15,Q4 2015,600068,803,5.2643268
Nike 16,Phone,October ,2013,10/1/13,Q4 2013,663089,1311,4.8879704
Nike 16,Phone,October ,2014,10/1/14,Q4 2014,641185,760,4.3127162
Nike 16,Phone,October ,2016,10/1/16,Q4 2016,994653,1247,2.8928195
Nike 16,Phone,September,2014,9/1/14,Q3 2014,987085,530,3.3403132
Nike 16,Phone,September,2016,9/1/16,Q3 2016,428148,178,4.9791699
Nike 17,Fax,April,2013,4/1/13,Q2 2013,1311107,336,3.1352197
Nike 17,Fax,April,2014,4/1/14,Q2 2014,861052,1153,3.268916
Nike 17,Fax,August,2012,8/1/12,Q3 2012,204347,525,3.7612633
Nike 17,Fax,August,2015,8/1/15,Q3 2015,992850,484,4.3737612
Nike 17,Fax,December,2013,12/1/13,Q4 2013,651987,911,3.409205
Nike 17,Fax,Januray,2012,1/1/12,Q1 2012,1423544,1330,3.5195096
Nike 17,Fax,Januray,2013,1/1/13,Q1 2013,926045,587,4.7103292
Nike 17,Fax,Januray,2016,1/1/16,Q1 2016,743880,631,4.8453268
Nike 17,Fax,July,2012,7/1/12,Q3 2012,1121025,573,2.8565187
Nike 17,Fax,July,2014,7/1/14,Q3 2014,196476,1258,4.6477846
Nike 17,Fax,July,2016,7/1/16,Q3 2016,133655,754,3.4344416
Nike 17,Fax,June,2015,6/1/15,Q2 2015,583897,1211,5.1899879
Nike 17,Fax,June,2016,6/1/16,Q2 2016,973550,1409,3.3540489
Nike 17,Fax,March,2012,3/1/12,Q1 2012,1177478,1105,3.3020435
Nike 17,Fax,May,2013,5/1/13,Q2 2013,1322274,783,5.1354929
Nike 17,Fax,May,2014,5/1/14,Q2 2014,1615701,369,2.9269504
Nike 17,Fax,May,2016,5/1/16,Q2 2016,1063972,443,4.4009629
Nike 17,Fax,November,2015,11/1/15,Q4 2015,984400,102,3.6475169
Nike 17,Fax,October ,2012,10/1/12,Q4 2012,1458323,662,3.7325102
Nike 17,Fax,October ,2014,10/1/14,Q4 2014,1284259,1178,3.380248
Nike 17,Fax,September,2013,9/1/13,Q3 2013,1573716,1256,3.7988586
Nike 17,Fax,September,2014,9/1/14,Q3 2014,436853,774,5.1536018
Nike 17,Fax,September,2015,9/1/15,Q3 2015,589738,674,4.7332678
Nike 17,Fax,September,2016,9/1/16,Q3 2016,1337056,1128,3.1019441
Nike 17,Online,April,2012,4/1/12,Q2 2012,629139,555,4.6757857
Nike 17,Online,April,2015,4/1/15,Q2 2015,357947,862,4.5932564
Nike 17,Online,August,2013,8/1/13,Q3 2013,758246,504,3.5069894
Nike 17,Online,August,2014,8/1/14,Q3 2014,1126089,106,3.6350169
Nike 17,Online,August,2016,8/1/16,Q3 2016,699849,493,4.5734489
Nike 17,Online,December,2014,12/1/14,Q4 2014,844594,832,2.9508724
Nike 17,Online,December,2016,12/1/16,Q4 2016,114281,1227,4.56377
Nike 17,Online,February,2013,2/1/13,Q1 2013,442631,1396,4.3518168
Nike 17,Online,February,2014,2/1/14,Q1 2014,304714,900,2.8817355
Nike 17,Online,Januray,2014,1/1/14,Q1 2014,1344684,193,3.6273166
Nike 17,Online,July,2013,7/1/13,Q3 2013,220898,120,4.5130742
Nike 17,Online,July,2015,7/1/15,Q3 2015,1027826,928,5.2412285
Nike 17,Online,June,2012,6/1/12,Q2 2012,984071,444,4.8774978
Nike 17,Online,March,2016,3/1/16,Q1 2016,782014,572,3.6783193
Nike 17,Online,May,2012,5/1/12,Q2 2012,328437,812,3.8543541
Nike 17,Online,November,2012,11/1/12,Q4 2012,510237,770,4.643716
Nike 17,Online,November,2014,11/1/14,Q4 2014,1380699,659,4.2009643
Nike 17,Online,November,2016,11/1/16,Q4 2016,767094,1363,5.1625504
Nike 17,Online,October ,2013,10/1/13,Q4 2013,1433457,1237,2.8516513
Nike 17,Online,October ,2015,10/1/15,Q4 2015,1116883,395,4.7066566
Nike 17,Online,October ,2016,10/1/16,Q4 2016,1027851,1399,4.727799
Nike 17,Online,September,2012,9/1/12,Q3 2012,773225,673,4.0979711
Nike 17,Phone,April,2016,4/1/16,Q2 2016,1618213,1279,3.1193901
Nike 17,Phone,December,2012,12/1/12,Q4 2012,342539,466,2.8880231
Nike 17,Phone,December,2015,12/1/15,Q4 2015,1221288,965,3.9245885
Nike 17,Phone,February,2012,2/1/12,Q1 2012,970283,351,3.98956
Nike 17,Phone,February,2015,2/1/15,Q1 2015,1209564,539,3.5717935
Nike 17,Phone,February,2016,2/1/16,Q1 2016,1523685,1122,4.4096444
Nike 17,Phone,Januray,2015,1/1/15,Q1 2015,791244,723,4.3935804
Nike 17,Phone,June,2013,6/1/13,Q2 2013,841973,820,3.6093473
Nike 17,Phone,June,2014,6/1/14,Q2 2014,1481736,966,4.2236454
Nike 17,Phone,March,2013,3/1/13,Q1 2013,709937,1273,4.4468854
Nike 17,Phone,March,2014,3/1/14,Q1 2014,203416,1198,4.1701594
Nike 17,Phone,March,2015,3/1/15,Q1 2015,965522,204,3.4478908
Nike 17,Phone,May,2015,5/1/15,Q2 2015,1222619,609,4.9684217
Nike 17,Phone,November,2013,11/1/13,Q4 2013,161810,493,3.9397445
Nike 2,Fax,April,2012,4/1/12,Q2 2012,1061088,483,3.37261
Nike 2,Fax,August,2016,8/1/16,Q3 2016,606699,1089,2.9639327
Nike 2,Fax,December,2014,12/1/14,Q4 2014,612594,353,3.16087
Nike 2,Fax,February,2012,2/1/12,Q1 2012,677839,1083,4.2681125
Nike 2,Fax,February,2014,2/1/14,Q1 2014,121361,109,3.9191469
Nike 2,Fax,February,2016,2/1/16,Q1 2016,829095,515,4.9788049
Nike 2,Fax,Januray,2012,1/1/12,Q1 2012,989175,261,2.9833568
Nike 2,Fax,July,2014,7/1/14,Q3 2014,1641524,151,2.8645395
Nike 2,Fax,July,2015,7/1/15,Q3 2015,362249,405,5.0199623
Nike 2,Fax,June,2014,6/1/14,Q2 2014,888133,818,4.6479939
Nike 2,Fax,March,2013,3/1/13,Q1 2013,1089826,1252,5.0909255
Nike 2,Fax,March,2015,3/1/15,Q1 2015,1269586,682,3.9914114
Nike 2,Fax,March,2016,3/1/16,Q1 2016,989750,137,4.6064545
Nike 2,Fax,May,2015,5/1/15,Q2 2015,1112667,1270,3.181794
Nike 2,Fax,May,2016,5/1/16,Q2 2016,1249476,651,4.1325872
Nike 2,Fax,November,2012,11/1/12,Q4 2012,1526497,889,4.4016296
Nike 2,Fax,November,2013,11/1/13,Q4 2013,1081475,396,3.4734491
Nike 2,Fax,November,2014,11/1/14,Q4 2014,574592,709,3.0208247
Nike 2,Fax,September,2012,9/1/12,Q3 2012,912810,115,3.9831666
Nike 2,Fax,September,2013,9/1/13,Q3 2013,1520737,469,3.8423884
Nike 2,Online,April,2013,4/1/13,Q2 2013,141214,1245,3.4628637
Nike 2,Online,April,2016,4/1/16,Q2 2016,504177,600,3.3292886
Nike 2,Online,December,2012,12/1/12,Q4 2012,1468043,314,3.7306222
Nike 2,Online,February,2013,2/1/13,Q1 2013,380477,902,4.6734569
Nike 2,Online,February,2015,2/1/15,Q1 2015,725798,1395,4.6286854
Nike 2,Online,Januray,2016,1/1/16,Q1 2016,1362480,854,3.9627548
Nike 2,Online,July,2013,7/1/13,Q3 2013,1147355,549,3.9693188
Nike 2,Online,June,2015,6/1/15,Q2 2015,1077402,932,4.2214094
Nike 2,Online,June,2016,6/1/16,Q2 2016,108286,677,3.6099355
Nike 2,Online,March,2014,3/1/14,Q1 2014,1155181,681,2.83818
Nike 2,Online,October ,2012,10/1/12,Q4 2012,482647,1001,5.2873223
Nike 2,Online,October ,2013,10/1/13,Q4 2013,171540,951,4.7266998
Nike 2,Online,September,2014,9/1/14,Q3 2014,1125035,107,5.0388639
Nike 2,Online,September,2016,9/1/16,Q3 2016,971446,1103,5.0641655
Nike 2,Phone,April,2014,4/1/14,Q2 2014,1101650,465,3.0813146
Nike 2,Phone,April,2015,4/1/15,Q2 2015,996266,1245,2.9739414
Nike 2,Phone,August,2012,8/1/12,Q3 2012,663702,1098,2.9340156
Nike 2,Phone,August,2013,8/1/13,Q3 2013,184609,400,3.4735793
Nike 2,Phone,August,2014,8/1/14,Q3 2014,1111009,255,3.0755715
Nike 2,Phone,August,2015,8/1/15,Q3 2015,1090648,402,3.7393072
Nike 2,Phone,December,2013,12/1/13,Q4 2013,1537139,859,4.5232258
Nike 2,Phone,December,2015,12/1/15,Q4 2015,359186,1322,2.8358167
Nike 2,Phone,December,2016,12/1/16,Q4 2016,702191,497,3.1984838
Nike 2,Phone,Januray,2013,1/1/13,Q1 2013,596669,666,3.1431636
Nike 2,Phone,Januray,2014,1/1/14,Q1 2014,1086650,923,4.3815807
Nike 2,Phone,Januray,2015,1/1/15,Q1 2015,1438990,538,3.1974642
Nike 2,Phone,July,2012,7/1/12,Q3 2012,959330,1219,3.2144298
Nike 2,Phone,July,2016,7/1/16,Q3 2016,1253717,417,4.4248602
Nike 2,Phone,June,2012,6/1/12,Q2 2012,567387,365,4.0032346
Nike 2,Phone,June,2013,6/1/13,Q2 2013,114997,1286,3.7299358
Nike 2,Phone,March,2012,3/1/12,Q1 2012,333706,1334,2.8384368
Nike 2,Phone,May,2012,5/1/12,Q2 2012,231129,1411,3.8107634
Nike 2,Phone,May,2013,5/1/13,Q2 2013,288122,1195,4.1020456
Nike 2,Phone,May,2014,5/1/14,Q2 2014,1454326,560,3.3432302
Nike 2,Phone,November,2015,11/1/15,Q4 2015,850233,349,4.7305818
Nike 2,Phone,November,2016,11/1/16,Q4 2016,520577,865,4.2269587
Nike 2,Phone,October ,2014,10/1/14,Q4 2014,1214322,1041,3.1933746
Nike 2,Phone,October ,2015,10/1/15,Q4 2015,608027,157,3.3856638
Nike 2,Phone,October ,2016,10/1/16,Q4 2016,1471782,611,2.8958713
Nike 2,Phone,September,2015,9/1/15,Q3 2015,564122,923,3.3109906
Nike 3,Fax,April,2012,4/1/12,Q2 2012,1153002,344,3.4059106
Nike 3,Fax,April,2013,4/1/13,Q2 2013,1369491,1332,2.9692841
Nike 3,Fax,April,2015,4/1/15,Q2 2015,610486,1179,3.3848515
Nike 3,Fax,August,2012,8/1/12,Q3 2012,1414209,1230,3.627969
Nike 3,Fax,August,2015,8/1/15,Q3 2015,1341861,906,4.6998016
Nike 3,Fax,December,2016,12/1/16,Q4 2016,1263114,1358,3.7710288
Nike 3,Fax,February,2013,2/1/13,Q1 2013,375959,1164,4.2571236
Nike 3,Fax,February,2015,2/1/15,Q1 2015,277727,1102,4.8592772
Nike 3,Fax,Januray,2012,1/1/12,Q1 2012,452980,1349,4.4347087
Nike 3,Fax,Januray,2014,1/1/14,Q1 2014,1550025,1259,3.1033371
Nike 3,Fax,Januray,2015,1/1/15,Q1 2015,514179,431,3.3871096
Nike 3,Fax,July,2012,7/1/12,Q3 2012,1002503,541,3.9126192
Nike 3,Fax,July,2013,7/1/13,Q3 2013,1042933,248,5.1344844
Nike 3,Fax,June,2015,6/1/15,Q2 2015,1361155,660,3.9494382
Nike 3,Fax,March,2015,3/1/15,Q1 2015,408533,90,5.0499278
Nike 3,Fax,May,2012,5/1/12,Q2 2012,1042302,309,3.3231017
Nike 3,Fax,May,2015,5/1/15,Q2 2015,140579,733,3.3146763
Nike 3,Fax,November,2013,11/1/13,Q4 2013,113128,464,3.8935931
Nike 3,Fax,October ,2014,10/1/14,Q4 2014,823770,813,5.209219
Nike 3,Fax,October ,2016,10/1/16,Q4 2016,989201,329,2.9913527
Nike 3,Fax,September,2012,9/1/12,Q3 2012,168305,738,3.4981791
Nike 3,Fax,September,2014,9/1/14,Q3 2014,1595170,1234,4.5062212
Nike 3,Online,August,2013,8/1/13,Q3 2013,794306,1333,3.6364777
Nike 3,Online,August,2016,8/1/16,Q3 2016,834225,1022,2.9063509
Nike 3,Online,December,2014,12/1/14,Q4 2014,1107493,1114,5.2786734
Nike 3,Online,February,2014,2/1/14,Q1 2014,1626899,1126,2.8339538
Nike 3,Online,Januray,2013,1/1/13,Q1 2013,219235,707,3.0455689
Nike 3,Online,July,2014,7/1/14,Q3 2014,952241,884,4.8658306
Nike 3,Online,July,2015,7/1/15,Q3 2015,425393,978,4.0637824
Nike 3,Online,July,2016,7/1/16,Q3 2016,1539002,732,4.7007149
Nike 3,Online,June,2013,6/1/13,Q2 2013,774296,162,3.9414717
Nike 3,Online,March,2012,3/1/12,Q1 2012,1100715,770,3.0105104
Nike 3,Online,May,2016,5/1/16,Q2 2016,731534,1287,4.5876271
Nike 3,Online,November,2015,11/1/15,Q4 2015,647222,1018,5.2811081
Nike 3,Online,November,2016,11/1/16,Q4 2016,866844,248,3.0809477
Nike 3,Online,October ,2013,10/1/13,Q4 2013,1591897,295,2.8770941
Nike 3,Online,October ,2015,10/1/15,Q4 2015,1649789,540,2.8838396
Nike 3,Online,September,2016,9/1/16,Q3 2016,605112,1128,4.7067968
Nike 3,Phone,April,2014,4/1/14,Q2 2014,1215049,477,5.2865445
Nike 3,Phone,April,2016,4/1/16,Q2 2016,1173938,857,3.8841917
Nike 3,Phone,August,2014,8/1/14,Q3 2014,1444611,655,2.8343021
Nike 3,Phone,December,2012,12/1/12,Q4 2012,1184682,409,4.9218762
Nike 3,Phone,December,2013,12/1/13,Q4 2013,857779,1300,4.2521846
Nike 3,Phone,December,2015,12/1/15,Q4 2015,440932,168,4.0900359
Nike 3,Phone,February,2012,2/1/12,Q1 2012,1584003,182,3.7431441
Nike 3,Phone,February,2016,2/1/16,Q1 2016,371221,448,4.99415
Nike 3,Phone,Januray,2016,1/1/16,Q1 2016,872205,1075,2.8390701
Nike 3,Phone,June,2012,6/1/12,Q2 2012,915476,276,3.3487715
Nike 3,Phone,June,2014,6/1/14,Q2 2014,806090,756,4.2784861
Nike 3,Phone,June,2016,6/1/16,Q2 2016,988981,186,4.0458443
Nike 3,Phone,March,2013,3/1/13,Q1 2013,110029,1149,5.1519527
Nike 3,Phone,March,2014,3/1/14,Q1 2014,1044969,1073,4.5441235
Nike 3,Phone,March,2016,3/1/16,Q1 2016,150611,241,2.9386831
Nike 3,Phone,May,2013,5/1/13,Q2 2013,1204628,648,3.4536782
Nike 3,Phone,May,2014,5/1/14,Q2 2014,280685,196,4.636934
Nike 3,Phone,November,2012,11/1/12,Q4 2012,584368,536,2.9111138
Nike 3,Phone,November,2014,11/1/14,Q4 2014,483693,452,3.3379617
Nike 3,Phone,October ,2012,10/1/12,Q4 2012,167836,1116,3.9827141
Nike 3,Phone,September,2013,9/1/13,Q3 2013,1298266,304,5.1336872
Nike 3,Phone,September,2015,9/1/15,Q3 2015,530956,240,2.8442966
Nike 4,Fax,April,2012,4/1/12,Q2 2012,940179,206,3.9656293
Nike 4,Fax,April,2015,4/1/15,Q2 2015,633043,771,3.7055845
Nike 4,Fax,August,2012,8/1/12,Q3 2012,566964,942,3.8525518
Nike 4,Fax,August,2014,8/1/14,Q3 2014,556821,1312,3.9554668
Nike 4,Fax,December,2012,12/1/12,Q4 2012,1596671,430,4.8893782
Nike 4,Fax,February,2012,2/1/12,Q1 2012,436790,1195,5.2154358
Nike 4,Fax,February,2013,2/1/13,Q1 2013,1179610,1128,4.6226706
Nike 4,Fax,February,2014,2/1/14,Q1 2014,208376,463,5.2451041
Nike 4,Fax,Januray,2012,1/1/12,Q1 2012,1469585,288,4.4504694
Nike 4,Fax,Januray,2015,1/1/15,Q1 2015,893454,1002,4.5351757
Nike 4,Fax,July,2013,7/1/13,Q3 2013,613466,341,4.1564263
Nike 4,Fax,July,2014,7/1/14,Q3 2014,705129,439,5.0330558
Nike 4,Fax,July,2016,7/1/16,Q3 2016,1010706,1329,3.4099997
Nike 4,Fax,June,2012,6/1/12,Q2 2012,885911,1308,4.5983915
Nike 4,Fax,June,2014,6/1/14,Q2 2014,528477,1293,4.8725495
Nike 4,Fax,June,2016,6/1/16,Q2 2016,493490,564,4.8580332
Nike 4,Fax,March,2013,3/1/13,Q1 2013,779260,1408,4.0539202
Nike 4,Fax,March,2016,3/1/16,Q1 2016,372446,337,2.9286363
Nike 4,Fax,May,2012,5/1/12,Q2 2012,361524,1084,4.2411754
Nike 4,Fax,May,2015,5/1/15,Q2 2015,1332845,168,2.9923892
Nike 4,Fax,May,2016,5/1/16,Q2 2016,1488135,385,3.026777
Nike 4,Fax,November,2012,11/1/12,Q4 2012,822371,1136,4.6783846
Nike 4,Fax,October ,2012,10/1/12,Q4 2012,154794,204,4.4747341
Nike 4,Fax,October ,2014,10/1/14,Q4 2014,1349404,395,5.2272124
Nike 4,Fax,October ,2015,10/1/15,Q4 2015,774369,995,3.4947794
Nike 4,Fax,September,2014,9/1/14,Q3 2014,213263,1411,4.4221854
Nike 4,Online,April,2013,4/1/13,Q2 2013,1101229,881,4.5845858
Nike 4,Online,April,2014,4/1/14,Q2 2014,427325,685,3.5525037
Nike 4,Online,August,2015,8/1/15,Q3 2015,700698,603,3.779066
Nike 4,Online,August,2016,8/1/16,Q3 2016,943130,702,3.9973014
Nike 4,Online,December,2015,12/1/15,Q4 2015,1650534,855,4.6592629
Nike 4,Online,December,2016,12/1/16,Q4 2016,480121,1022,4.4945909
Nike 4,Online,Januray,2013,1/1/13,Q1 2013,1583127,255,5.0239629
Nike 4,Online,Januray,2016,1/1/16,Q1 2016,1570925,1054,3.5173143
Nike 4,Online,July,2012,7/1/12,Q3 2012,737371,894,4.1548152
Nike 4,Online,June,2013,6/1/13,Q2 2013,569763,835,4.6328058
Nike 4,Online,June,2015,6/1/15,Q2 2015,649010,434,2.8610677
Nike 4,Online,March,2012,3/1/12,Q1 2012,112718,930,4.9660197
Nike 4,Online,March,2015,3/1/15,Q1 2015,105438,932,4.1094899
Nike 4,Online,May,2014,5/1/14,Q2 2014,1603716,1145,3.3196331
Nike 4,Online,November,2014,11/1/14,Q4 2014,584564,996,4.4350003
Nike 4,Online,November,2016,11/1/16,Q4 2016,1558514,867,5.032977
Nike 4,Online,October ,2013,10/1/13,Q4 2013,907915,1366,3.903011
Nike 4,Online,October ,2016,10/1/16,Q4 2016,393586,508,4.6332028
Nike 4,Online,September,2012,9/1/12,Q3 2012,537894,1091,4.7708697
Nike 4,Online,September,2013,9/1/13,Q3 2013,1643834,202,4.8784093
Nike 4,Online,September,2015,9/1/15,Q3 2015,1122294,1348,4.2937124
Nike 4,Online,September,2016,9/1/16,Q3 2016,419564,622,3.0708447
Nike 4,Phone,April,2016,4/1/16,Q2 2016,481706,676,2.9751444
Nike 4,Phone,August,2013,8/1/13,Q3 2013,1191742,1301,4.6605387
Nike 4,Phone,December,2013,12/1/13,Q4 2013,196047,86,5.0980965
Nike 4,Phone,December,2014,12/1/14,Q4 2014,392404,1135,3.6792301
Nike 4,Phone,February,2015,2/1/15,Q1 2015,1206807,701,3.307665
Nike 4,Phone,February,2016,2/1/16,Q1 2016,1444830,1258,3.3217644
Nike 4,Phone,Januray,2014,1/1/14,Q1 2014,98858,1071,3.2345483
Nike 4,Phone,July,2015,7/1/15,Q3 2015,1550297,721,5.2135974
Nike 4,Phone,March,2014,3/1/14,Q1 2014,1285534,1042,3.0995276
Nike 4,Phone,May,2013,5/1/13,Q2 2013,877490,85,4.5791872
Nike 4,Phone,November,2013,11/1/13,Q4 2013,1516767,1165,4.4226442
Nike 4,Phone,November,2015,11/1/15,Q4 2015,1105219,1350,5.0543807
Nike 5,Fax,April,2012,4/1/12,Q2 2012,105080,721,4.4412238
Nike 5,Fax,April,2013,4/1/13,Q2 2013,768953,1336,4.456319
Nike 5,Fax,August,2013,8/1/13,Q3 2013,827244,126,5.005433
Nike 5,Fax,August,2015,8/1/15,Q3 2015,978890,904,3.9355224
Nike 5,Fax,August,2016,8/1/16,Q3 2016,1120463,1257,2.8562474
Nike 5,Fax,December,2012,12/1/12,Q4 2012,448573,835,4.4681746
Nike 5,Fax,December,2013,12/1/13,Q4 2013,135802,578,4.2287649
Nike 5,Fax,February,2014,2/1/14,Q1 2014,896233,1189,5.263326
Nike 5,Fax,February,2015,2/1/15,Q1 2015,540971,803,4.2494654
Nike 5,Fax,July,2012,7/1/12,Q3 2012,451179,939,4.6496697
Nike 5,Fax,June,2013,6/1/13,Q2 2013,887277,172,4.1486124
Nike 5,Fax,June,2014,6/1/14,Q2 2014,533516,850,4.9398502
Nike 5,Fax,June,2016,6/1/16,Q2 2016,361771,208,2.9719261
Nike 5,Fax,March,2014,3/1/14,Q1 2014,1324287,853,3.7210336
Nike 5,Fax,May,2013,5/1/13,Q2 2013,470189,983,3.6985018
Nike 5,Fax,May,2016,5/1/16,Q2 2016,952784,723,4.950197
Nike 5,Fax,November,2012,11/1/12,Q4 2012,1291248,1022,4.1618281
Nike 5,Fax,November,2013,11/1/13,Q4 2013,599325,165,4.7081175
Nike 5,Fax,October ,2013,10/1/13,Q4 2013,1523387,654,4.884421
Nike 5,Fax,October ,2015,10/1/15,Q4 2015,105685,479,4.0783448
Nike 5,Fax,October ,2016,10/1/16,Q4 2016,842638,1114,4.9640375
Nike 5,Fax,September,2016,9/1/16,Q3 2016,236846,1138,3.4768782
Nike 5,Online,April,2015,4/1/15,Q2 2015,909225,229,2.8826706
Nike 5,Online,August,2014,8/1/14,Q3 2014,236727,553,4.2155501
Nike 5,Online,December,2016,12/1/16,Q4 2016,1412104,96,4.4714712
Nike 5,Online,February,2012,2/1/12,Q1 2012,1621412,1202,2.8658986
Nike 5,Online,February,2016,2/1/16,Q1 2016,340416,1342,4.8031368
Nike 5,Online,Januray,2012,1/1/12,Q1 2012,1505894,829,4.9173161
Nike 5,Online,Januray,2016,1/1/16,Q1 2016,554935,605,4.3738058
Nike 5,Online,July,2016,7/1/16,Q3 2016,335293,968,4.8717618
Nike 5,Online,March,2012,3/1/12,Q1 2012,1468648,422,3.8058961
Nike 5,Online,March,2015,3/1/15,Q1 2015,853506,818,5.2881082
Nike 5,Online,March,2016,3/1/16,Q1 2016,609269,503,5.2732532
Nike 5,Online,May,2014,5/1/14,Q2 2014,266969,619,3.8820956
Nike 5,Online,May,2015,5/1/15,Q2 2015,441230,374,3.1878615
Nike 5,Online,November,2014,11/1/14,Q4 2014,320542,836,4.1897785
Nike 5,Online,November,2015,11/1/15,Q4 2015,733734,1274,3.0944492
Nike 5,Online,November,2016,11/1/16,Q4 2016,1344890,911,4.3544534
Nike 5,Online,October ,2012,10/1/12,Q4 2012,1275654,1084,3.8899018
Nike 5,Online,October ,2014,10/1/14,Q4 2014,1060567,914,3.7705284
Nike 5,Phone,April,2014,4/1/14,Q2 2014,675722,650,3.084521
Nike 5,Phone,April,2016,4/1/16,Q2 2016,666573,338,3.7815426
Nike 5,Phone,August,2012,8/1/12,Q3 2012,606533,1133,4.5743844
Nike 5,Phone,December,2014,12/1/14,Q4 2014,1174266,1036,4.8206799
Nike 5,Phone,December,2015,12/1/15,Q4 2015,118520,147,3.4365202
Nike 5,Phone,February,2013,2/1/13,Q1 2013,160640,674,4.1167589
Nike 5,Phone,Januray,2013,1/1/13,Q1 2013,190159,245,5.2527421
Nike 5,Phone,Januray,2014,1/1/14,Q1 2014,792320,399,4.3541396
Nike 5,Phone,Januray,2015,1/1/15,Q1 2015,1476082,409,4.3167886
Nike 5,Phone,July,2013,7/1/13,Q3 2013,270885,349,4.7541357
Nike 5,Phone,July,2014,7/1/14,Q3 2014,858381,663,4.9628288
Nike 5,Phone,July,2015,7/1/15,Q3 2015,614202,1358,4.6873011
Nike 5,Phone,June,2012,6/1/12,Q2 2012,1099215,445,2.9894956
Nike 5,Phone,June,2015,6/1/15,Q2 2015,1556698,359,3.0303034
Nike 5,Phone,March,2013,3/1/13,Q1 2013,132412,983,5.2431224
Nike 5,Phone,May,2012,5/1/12,Q2 2012,132766,539,4.4494943
Nike 5,Phone,September,2012,9/1/12,Q3 2012,525749,701,3.7102905
Nike 5,Phone,September,2013,9/1/13,Q3 2013,265872,1179,3.4419461
Nike 5,Phone,September,2014,9/1/14,Q3 2014,160232,280,2.8836665
Nike 5,Phone,September,2015,9/1/15,Q3 2015,543613,599,3.033404
Nike 6,Fax,April,2012,4/1/12,Q2 2012,844726,840,4.7643798
Nike 6,Fax,December,2015,12/1/15,Q4 2015,551819,445,5.2437653
Nike 6,Fax,February,2014,2/1/14,Q1 2014,1493104,956,2.9694534
Nike 6,Fax,February,2016,2/1/16,Q1 2016,566799,923,3.6341366
Nike 6,Fax,Januray,2015,1/1/15,Q1 2015,173326,546,4.4391349
Nike 6,Fax,Januray,2016,1/1/16,Q1 2016,1060165,415,4.3265804
Nike 6,Fax,July,2014,7/1/14,Q3 2014,632949,311,4.123198
Nike 6,Fax,July,2015,7/1/15,Q3 2015,331838,291,4.7809764
Nike 6,Fax,June,2014,6/1/14,Q2 2014,107134,395,4.2619832
Nike 6,Fax,June,2016,6/1/16,Q2 2016,1401261,1208,4.994681
Nike 6,Fax,March,2014,3/1/14,Q1 2014,1425664,610,4.0162133
Nike 6,Fax,March,2015,3/1/15,Q1 2015,641385,633,5.1058098
Nike 6,Fax,May,2015,5/1/15,Q2 2015,505034,1070,3.8128505
Nike 6,Fax,May,2016,5/1/16,Q2 2016,1151279,1328,4.1443477
Nike 6,Fax,November,2012,11/1/12,Q4 2012,254059,1165,4.9914306
Nike 6,Fax,November,2015,11/1/15,Q4 2015,983498,905,3.9479555
Nike 6,Fax,November,2016,11/1/16,Q4 2016,434752,1320,4.9379099
Nike 6,Fax,October ,2012,10/1/12,Q4 2012,620149,995,4.41449
Nike 6,Fax,September,2012,9/1/12,Q3 2012,927181,1067,4.1177947
Nike 6,Online,April,2015,4/1/15,Q2 2015,1329907,202,4.5278138
Nike 6,Online,April,2016,4/1/16,Q2 2016,1149988,398,3.4153087
Nike 6,Online,August,2014,8/1/14,Q3 2014,1105281,740,5.1211879
Nike 6,Online,August,2015,8/1/15,Q3 2015,503516,876,5.2497421
Nike 6,Online,December,2013,12/1/13,Q4 2013,766650,1210,5.235223
Nike 6,Online,February,2012,2/1/12,Q1 2012,1505414,1029,3.908366
Nike 6,Online,February,2015,2/1/15,Q1 2015,1142021,1328,2.8556469
Nike 6,Online,Januray,2012,1/1/12,Q1 2012,1525350,848,4.8933226
Nike 6,Online,July,2016,7/1/16,Q3 2016,154653,1167,3.0325693
Nike 6,Online,June,2015,6/1/15,Q2 2015,384304,552,3.7191804
Nike 6,Online,March,2012,3/1/12,Q1 2012,1526496,1298,4.6380893
Nike 6,Online,March,2016,3/1/16,Q1 2016,342903,152,4.528592
Nike 6,Online,May,2014,5/1/14,Q2 2014,1190320,139,4.931605
Nike 6,Online,November,2014,11/1/14,Q4 2014,308619,347,2.9150175
Nike 6,Online,October ,2013,10/1/13,Q4 2013,1115492,1247,4.5707442
Nike 6,Online,October ,2016,10/1/16,Q4 2016,1060075,1103,3.3585841
Nike 6,Online,September,2015,9/1/15,Q3 2015,1103375,548,3.1601403
Nike 6,Online,September,2016,9/1/16,Q3 2016,1474495,791,3.6248884
Nike 6,Phone,April,2013,4/1/13,Q2 2013,262677,876,3.2414517
Nike 6,Phone,April,2014,4/1/14,Q2 2014,556180,249,3.1748768
Nike 6,Phone,August,2012,8/1/12,Q3 2012,945263,1139,5.1655543
Nike 6,Phone,August,2013,8/1/13,Q3 2013,1573233,917,5.5080575
Nike 6,Phone,August,2016,8/1/16,Q3 2016,918466,1171,4.4927695
Nike 6,Phone,December,2012,12/1/12,Q4 2012,310748,638,5.2198764
Nike 6,Phone,December,2014,12/1/14,Q4 2014,782100,1262,4.6686658
Nike 6,Phone,December,2016,12/1/16,Q4 2016,1475791,1119,4.538714
Nike 6,Phone,February,2013,2/1/13,Q1 2013,639078,932,3.6741971
Nike 6,Phone,Januray,2013,1/1/13,Q1 2013,523151,834,4.9127016
Nike 6,Phone,Januray,2014,1/1/14,Q1 2014,703721,1054,4.6386431
Nike 6,Phone,July,2012,7/1/12,Q3 2012,1649624,796,4.3913049
Nike 6,Phone,July,2013,7/1/13,Q3 2013,1541767,570,5.0995951
Nike 6,Phone,June,2012,6/1/12,Q2 2012,304639,832,2.9856753
Nike 6,Phone,June,2013,6/1/13,Q2 2013,763298,414,3.4610156
Nike 6,Phone,March,2013,3/1/13,Q1 2013,160907,573,2.9519573
Nike 6,Phone,May,2012,5/1/12,Q2 2012,600326,949,2.8488149
Nike 6,Phone,May,2013,5/1/13,Q2 2013,812228,357,4.8120237
Nike 6,Phone,November,2013,11/1/13,Q4 2013,436315,1216,3.6576111
Nike 6,Phone,October ,2014,10/1/14,Q4 2014,902377,268,4.6983012
Nike 6,Phone,October ,2015,10/1/15,Q4 2015,224593,607,4.2792382
Nike 6,Phone,September,2013,9/1/13,Q3 2013,1049791,719,4.9058204
Nike 6,Phone,September,2014,9/1/14,Q3 2014,481901,951,4.8431545
Nike 7,Fax,April,2012,4/1/12,Q2 2012,227829,874,3.519967
Nike 7,Fax,April,2016,4/1/16,Q2 2016,223779,884,3.7836383
Nike 7,Fax,August,2012,8/1/12,Q3 2012,426078,935,4.6202183
Nike 7,Fax,August,2013,8/1/13,Q3 2013,825060,1341,3.5061873
Nike 7,Fax,December,2012,12/1/12,Q4 2012,548242,1335,3.932641
Nike 7,Fax,February,2012,2/1/12,Q1 2012,485355,799,4.4919919
Nike 7,Fax,February,2014,2/1/14,Q1 2014,487207,946,3.4673629
Nike 7,Fax,February,2016,2/1/16,Q1 2016,170664,715,3.2302484
Nike 7,Fax,Januray,2012,1/1/12,Q1 2012,1483028,1120,3.3130299
Nike 7,Fax,June,2012,6/1/12,Q2 2012,1123006,321,4.3777364
Nike 7,Fax,June,2014,6/1/14,Q2 2014,1430732,126,4.4844438
Nike 7,Fax,March,2013,3/1/13,Q1 2013,1455749,1015,5.2158365
Nike 7,Fax,March,2015,3/1/15,Q1 2015,388726,872,3.3795447
Nike 7,Fax,March,2016,3/1/16,Q1 2016,828547,989,4.4781366
Nike 7,Fax,May,2015,5/1/15,Q2 2015,985217,125,3.6350912
Nike 7,Fax,November,2012,11/1/12,Q4 2012,1102221,102,4.0360608
Nike 7,Fax,November,2014,11/1/14,Q4 2014,484823,1096,4.467693
Nike 7,Fax,November,2015,11/1/15,Q4 2015,930267,424,4.1621926
Nike 7,Fax,November,2016,11/1/16,Q4 2016,1331716,525,5.2474565
Nike 7,Fax,October ,2012,10/1/12,Q4 2012,1585485,1196,3.341072
Nike 7,Fax,October ,2013,10/1/13,Q4 2013,1174346,878,3.6361098
Nike 7,Fax,September,2013,9/1/13,Q3 2013,1526516,593,5.2122853
Nike 7,Fax,September,2014,9/1/14,Q3 2014,362706,153,4.2352059
Nike 7,Online,April,2014,4/1/14,Q2 2014,1127330,97,5.0675084
Nike 7,Online,April,2015,4/1/15,Q2 2015,1642993,378,4.2114339
Nike 7,Online,August,2014,8/1/14,Q3 2014,1485526,1139,3.2711641
Nike 7,Online,August,2015,8/1/15,Q3 2015,1088034,1235,5.2877375
Nike 7,Online,August,2016,8/1/16,Q3 2016,482796,1327,4.7119268
Nike 7,Online,December,2014,12/1/14,Q4 2014,761211,702,3.6791147
Nike 7,Online,December,2015,12/1/15,Q4 2015,1477912,1154,4.2862842
Nike 7,Online,December,2016,12/1/16,Q4 2016,1158318,1116,2.8833724
Nike 7,Online,February,2013,2/1/13,Q1 2013,1317586,231,3.7162036
Nike 7,Online,February,2015,2/1/15,Q1 2015,486136,478,3.50393
Nike 7,Online,July,2015,7/1/15,Q3 2015,738819,1258,4.5240889
Nike 7,Online,March,2012,3/1/12,Q1 2012,572415,1161,4.790108
Nike 7,Online,May,2012,5/1/12,Q2 2012,1329081,1002,3.7057058
Nike 7,Online,May,2014,5/1/14,Q2 2014,898457,322,4.8593295
Nike 7,Online,November,2013,11/1/13,Q4 2013,606254,1221,3.5346899
Nike 7,Online,October ,2014,10/1/14,Q4 2014,1482061,818,3.4418653
Nike 7,Online,October ,2015,10/1/15,Q4 2015,878340,645,3.0229484
Nike 7,Online,September,2016,9/1/16,Q3 2016,119785,762,2.9325122
Nike 7,Phone,April,2013,4/1/13,Q2 2013,1514120,1017,4.7904128
Nike 7,Phone,December,2013,12/1/13,Q4 2013,1335271,945,4.6598833
Nike 7,Phone,Januray,2013,1/1/13,Q1 2013,1083373,604,3.7597769
Nike 7,Phone,Januray,2014,1/1/14,Q1 2014,288029,768,4.4845231
Nike 7,Phone,Januray,2015,1/1/15,Q1 2015,574299,1124,4.2640813
Nike 7,Phone,Januray,2016,1/1/16,Q1 2016,186040,1242,3.479212
Nike 7,Phone,July,2012,7/1/12,Q3 2012,1526824,814,3.5241776
Nike 7,Phone,July,2013,7/1/13,Q3 2013,550293,96,3.31661
Nike 7,Phone,July,2014,7/1/14,Q3 2014,1188410,325,3.956262
Nike 7,Phone,July,2016,7/1/16,Q3 2016,592963,971,3.5260651
Nike 7,Phone,June,2013,6/1/13,Q2 2013,1643137,821,4.1160078
Nike 7,Phone,June,2015,6/1/15,Q2 2015,734197,1412,3.1289622
Nike 7,Phone,June,2016,6/1/16,Q2 2016,434985,813,4.8830509
Nike 7,Phone,March,2014,3/1/14,Q1 2014,955465,231,3.5071116
Nike 7,Phone,May,2016,5/1/16,Q2 2016,884250,675,3.5607474
Nike 7,Phone,October ,2016,10/1/16,Q4 2016,802567,126,5.1292105
Nike 7,Phone,September,2012,9/1/12,Q3 2012,523053,475,3.6420437
Nike 7,Phone,September,2015,9/1/15,Q3 2015,1032752,919,4.6867746
Nike 8,Fax,April,2012,4/1/12,Q2 2012,113969,964,3.6800812
Nike 8,Fax,April,2013,4/1/13,Q2 2013,391055,1239,5.1379069
Nike 8,Fax,April,2014,4/1/14,Q2 2014,1218103,1222,2.8944115
Nike 8,Fax,August,2012,8/1/12,Q3 2012,448290,1358,5.1167282
Nike 8,Fax,August,2015,8/1/15,Q3 2015,1055738,494,3.2918603
Nike 8,Fax,August,2016,8/1/16,Q3 2016,959150,1231,4.61759
Nike 8,Fax,December,2014,12/1/14,Q4 2014,966461,622,4.5134403
Nike 8,Fax,February,2012,2/1/12,Q1 2012,277173,262,5.111974
Nike 8,Fax,February,2014,2/1/14,Q1 2014,472451,794,4.0625286
Nike 8,Fax,Januray,2012,1/1/12,Q1 2012,1646171,1301,5.2687676
Nike 8,Fax,Januray,2014,1/1/14,Q1 2014,861758,683,3.5018364
Nike 8,Fax,Januray,2015,1/1/15,Q1 2015,844749,268,4.2503892
Nike 8,Fax,Januray,2016,1/1/16,Q1 2016,488421,607,4.6553723
Nike 8,Fax,July,2012,7/1/12,Q3 2012,220614,913,4.5501904
Nike 8,Fax,July,2013,7/1/13,Q3 2013,351212,704,3.5102516
Nike 8,Fax,July,2016,7/1/16,Q3 2016,1019879,496,3.1970183
Nike 8,Fax,June,2013,6/1/13,Q2 2013,1613063,997,3.4274405
Nike 8,Fax,June,2016,6/1/16,Q2 2016,154662,542,3.1554868
Nike 8,Fax,May,2014,5/1/14,Q2 2014,1471630,1221,3.2392481
Nike 8,Fax,October ,2013,10/1/13,Q4 2013,143475,1267,4.7124492
Nike 8,Fax,October ,2015,10/1/15,Q4 2015,618937,570,4.6263141
Nike 8,Fax,October ,2016,10/1/16,Q4 2016,493340,648,5.2304848
Nike 8,Fax,September,2013,9/1/13,Q3 2013,1303672,504,4.7281525
Nike 8,Fax,September,2014,9/1/14,Q3 2014,1412831,115,4.374191
Nike 8,Fax,September,2015,9/1/15,Q3 2015,736729,724,5.2623924
Nike 8,Online,April,2015,4/1/15,Q2 2015,740108,250,4.466706
Nike 8,Online,February,2015,2/1/15,Q1 2015,728012,1232,4.7244504
Nike 8,Online,June,2014,6/1/14,Q2 2014,212727,338,4.5680885
Nike 8,Online,June,2015,6/1/15,Q2 2015,675030,801,4.9002742
Nike 8,Online,March,2012,3/1/12,Q1 2012,249300,599,4.4270861
Nike 8,Online,March,2013,3/1/13,Q1 2013,217587,1351,3.5089753
Nike 8,Online,March,2015,3/1/15,Q1 2015,808372,153,4.7860032
Nike 8,Online,May,2013,5/1/13,Q2 2013,604894,691,4.4573628
Nike 8,Online,May,2016,5/1/16,Q2 2016,250011,1327,3.6378676
Nike 8,Online,November,2012,11/1/12,Q4 2012,954573,152,4.6933746
Nike 8,Online,November,2014,11/1/14,Q4 2014,137430,481,3.6436612
Nike 8,Online,November,2015,11/1/15,Q4 2015,1512936,414,4.501902
Nike 8,Online,November,2016,11/1/16,Q4 2016,579075,1394,5.2271654
Nike 8,Online,October ,2014,10/1/14,Q4 2014,1096392,462,4.7043785
Nike 8,Online,September,2016,9/1/16,Q3 2016,1101259,616,3.2007871
Nike 8,Phone,April,2016,4/1/16,Q2 2016,1525184,1079,3.631861
Nike 8,Phone,August,2013,8/1/13,Q3 2013,341183,186,4.3027126
Nike 8,Phone,August,2014,8/1/14,Q3 2014,641224,1224,3.6028053
Nike 8,Phone,December,2012,12/1/12,Q4 2012,833886,1256,5.1865587
Nike 8,Phone,December,2013,12/1/13,Q4 2013,230263,260,5.2643044
Nike 8,Phone,December,2015,12/1/15,Q4 2015,334741,762,4.8368902
Nike 8,Phone,December,2016,12/1/16,Q4 2016,375744,927,3.7575278
Nike 8,Phone,February,2013,2/1/13,Q1 2013,1070655,1299,5.132039
Nike 8,Phone,February,2016,2/1/16,Q1 2016,1235323,870,4.9078287
Nike 8,Phone,Januray,2013,1/1/13,Q1 2013,1433371,867,4.1447119
Nike 8,Phone,July,2014,7/1/14,Q3 2014,261791,1359,3.2961903
Nike 8,Phone,June,2012,6/1/12,Q2 2012,629113,318,4.9220298
Nike 8,Phone,March,2014,3/1/14,Q1 2014,672859,529,3.964253
Nike 8,Phone,March,2016,3/1/16,Q1 2016,806135,800,4.8649139
Nike 8,Phone,May,2012,5/1/12,Q2 2012,371296,277,3.1295666
Nike 8,Phone,May,2015,5/1/15,Q2 2015,575408,1302,3.0259531
Nike 8,Phone,November,2013,11/1/13,Q4 2013,456133,1361,3.7937909
Nike 8,Phone,September,2012,9/1/12,Q3 2012,1091773,635,4.7885069
Nike 9,Fax,April,2014,4/1/14,Q2 2014,1362295,964,4.7412737
Nike 9,Fax,April,2016,4/1/16,Q2 2016,706572,248,4.7032201
Nike 9,Fax,August,2013,8/1/13,Q3 2013,186362,578,3.8347559
Nike 9,Fax,August,2014,8/1/14,Q3 2014,840724,477,3.3404239
Nike 9,Fax,August,2015,8/1/15,Q3 2015,1235408,234,4.1959462
Nike 9,Fax,December,2012,12/1/12,Q4 2012,341175,1159,4.8705379
Nike 9,Fax,February,2012,2/1/12,Q1 2012,1148098,1371,2.8583726
Nike 9,Fax,February,2014,2/1/14,Q1 2014,744453,1285,3.9412204
Nike 9,Fax,Januray,2012,1/1/12,Q1 2012,1599057,1388,3.4299266
Nike 9,Fax,Januray,2014,1/1/14,Q1 2014,585785,371,4.6075519
Nike 9,Fax,July,2012,7/1/12,Q3 2012,1497446,927,4.7149563
Nike 9,Fax,July,2013,7/1/13,Q3 2013,410202,565,3.3841013
Nike 9,Fax,July,2015,7/1/15,Q3 2015,1627816,1048,4.4488059
Nike 9,Fax,July,2016,7/1/16,Q3 2016,178767,929,3.3486203
Nike 9,Fax,June,2016,6/1/16,Q2 2016,951085,1112,3.8717477
Nike 9,Fax,March,2012,3/1/12,Q1 2012,1292501,304,3.8579103
Nike 9,Fax,March,2014,3/1/14,Q1 2014,533847,457,4.2097408
Nike 9,Fax,May,2013,5/1/13,Q2 2013,983215,1260,3.1392283
Nike 9,Fax,November,2013,11/1/13,Q4 2013,1653048,166,5.1585279
Nike 9,Fax,November,2015,11/1/15,Q4 2015,1437472,697,3.631084
Nike 9,Fax,October ,2015,10/1/15,Q4 2015,1382369,347,4.9734897
Nike 9,Fax,September,2012,9/1/12,Q3 2012,1580850,184,4.4422461
Nike 9,Fax,September,2016,9/1/16,Q3 2016,217013,782,2.8658034
Nike 9,Online,April,2013,4/1/13,Q2 2013,1152476,466,3.4671413
Nike 9,Online,August,2016,8/1/16,Q3 2016,168336,1069,3.8089714
Nike 9,Online,December,2013,12/1/13,Q4 2013,569449,539,5.0564953
Nike 9,Online,February,2013,2/1/13,Q1 2013,211071,697,4.1495335
Nike 9,Online,Januray,2016,1/1/16,Q1 2016,1295683,1135,4.8458853
Nike 9,Online,July,2014,7/1/14,Q3 2014,436030,628,2.9598008
Nike 9,Online,June,2013,6/1/13,Q2 2013,997232,859,5.0332759
Nike 9,Online,June,2014,6/1/14,Q2 2014,366649,160,4.8168272
Nike 9,Online,March,2013,3/1/13,Q1 2013,231663,913,5.0321702
Nike 9,Online,March,2015,3/1/15,Q1 2015,1003323,187,3.3978106
Nike 9,Online,March,2016,3/1/16,Q1 2016,466673,1080,5.1332606
Nike 9,Online,May,2012,5/1/12,Q2 2012,168287,821,2.962571
Nike 9,Online,May,2014,5/1/14,Q2 2014,1420186,944,4.5441663
Nike 9,Online,May,2015,5/1/15,Q2 2015,1331304,566,5.0460177
Nike 9,Online,November,2016,11/1/16,Q4 2016,573281,202,5.2792005
Nike 9,Online,October ,2012,10/1/12,Q4 2012,1086475,1325,2.9001798
Nike 9,Online,October ,2014,10/1/14,Q4 2014,363486,910,4.6557225
Nike 9,Online,September,2013,9/1/13,Q3 2013,272985,1309,3.3656717
Nike 9,Online,September,2014,9/1/14,Q3 2014,1509442,1411,4.288019
Nike 9,Phone,April,2012,4/1/12,Q2 2012,161226,274,4.7253238
Nike 9,Phone,April,2015,4/1/15,Q2 2015,947056,899,4.4992394
Nike 9,Phone,August,2012,8/1/12,Q3 2012,1283876,251,2.9786186
Nike 9,Phone,December,2014,12/1/14,Q4 2014,866110,918,4.9907978
Nike 9,Phone,December,2015,12/1/15,Q4 2015,1081691,1173,4.5748779
Nike 9,Phone,December,2016,12/1/16,Q4 2016,1084231,355,3.2466169
Nike 9,Phone,February,2016,2/1/16,Q1 2016,960020,750,5.231495
Nike 9,Phone,Januray,2013,1/1/13,Q1 2013,1555102,1316,3.3588923
Nike 9,Phone,Januray,2015,1/1/15,Q1 2015,1047729,1100,4.9131421
Nike 9,Phone,June,2012,6/1/12,Q2 2012,731402,600,5.0583117
Nike 9,Phone,June,2015,6/1/15,Q2 2015,866825,272,3.2384893
Nike 9,Phone,May,2016,5/1/16,Q2 2016,1568765,183,3.021521
Nike 9,Phone,November,2012,11/1/12,Q4 2012,979740,1323,3.5747672
Nike 9,Phone,November,2014,11/1/14,Q4 2014,892711,166,5.1691775
Nike 9,Phone,October ,2013,10/1/13,Q4 2013,621736,330,3.6371356
Nike 9,Phone,October ,2016,10/1/16,Q4 2016,1146983,129,3.5106682
Nike 9,Phone,September,2015,9/1/15,Q3 2015,828539,1254,4.0645589